<record><leader>00000cas a2200000 a 4500</leader><controlfield tag="001">11432253</controlfield><controlfield tag="008">841129d184718uumdumr ne      0    0eng c</controlfield><datafield ind1=" " ind2=" " tag="010"><subfield code="a">sn 84038671 </subfield></datafield><datafield ind1=" " ind2=" " tag="040"><subfield code="a">NPX</subfield><subfield code="b">eng</subfield><subfield code="c">NPX</subfield><subfield code="d">NPY</subfield><subfield code="d">PPM</subfield><subfield code="d">MFN</subfield><subfield code="d">NPH</subfield><subfield code="d">MFN</subfield><subfield code="d">NVF</subfield><subfield code="d">OCLCQ</subfield><subfield code="d">OCLCF</subfield><subfield code="d">OCLCO</subfield></datafield><datafield ind1="1" ind2=" " tag="029"><subfield code="a">AU@</subfield><subfield code="b">000020347946</subfield></datafield><datafield ind1=" " ind2=" " tag="042"><subfield code="a">pcc</subfield></datafield><datafield ind1=" " ind2=" " tag="043"><subfield code="a">n-us-md</subfield></datafield><datafield ind1="0" ind2="0" tag="245"><subfield code="a">Monthly clipper.</subfield></datafield><datafield ind1="1" ind2=" " tag="246"><subfield code="i">Published &lt;Dec. 1, 1848&gt; as:</subfield><subfield code="a">Baltimore monthly clipper</subfield></datafield><datafield ind1=" " ind2=" " tag="260"><subfield code="a">Baltimore, Md. :</subfield><subfield code="b">Bull &amp; Tuttle</subfield></datafield><datafield ind1=" " ind2=" " tag="300"><subfield code="a">v.</subfield></datafield><datafield ind1=" " ind2=" " tag="310"><subfield code="a">Monthly</subfield></datafield><datafield ind1="1" ind2=" " tag="362"><subfield code="a">Began in May 1847?</subfield></datafield><datafield ind1=" " ind2=" " tag="580"><subfield code="a">Weekly eds.: Baltimore weekly clipper, &lt;1848-1849&gt;, and: Weekly clipper (Baltimore, Md.), 1850-&lt;1854&gt;.</subfield></datafield><datafield ind1=" " ind2=" " tag="588"><subfield code="a">Description based on: Vol. 4, no. 20 (Aug. 1, 1848).</subfield></datafield><datafield ind1=" " ind2="0" tag="651"><subfield code="a">Baltimore (Md.)</subfield><subfield code="v">Newspapers.</subfield></datafield><datafield ind1=" " ind2="7" tag="655"><subfield code="a">Newspapers.</subfield><subfield code="2">fast</subfield><subfield code="0">(OCoLC)fst01423814</subfield></datafield><datafield ind1=" " ind2="7" tag="651"><subfield code="a">Maryland</subfield><subfield code="z">Baltimore.</subfield><subfield code="2">fast</subfield><subfield code="0">(OCoLC)fst01204292</subfield></datafield><datafield ind1=" " ind2=" " tag="752"><subfield code="a">United States</subfield><subfield code="b">Maryland</subfield><subfield code="d">Baltimore.</subfield></datafield><datafield ind1="0" ind2=" " tag="775"><subfield code="t">Baltimore clipper (Baltimore, Md. : 1847)</subfield><subfield code="w">(DLC)sn 83009568</subfield><subfield code="w">(OCoLC)9086122</subfield></datafield><datafield ind1="1" ind2=" " tag="775"><subfield code="t">Baltimore weekly clipper</subfield><subfield code="w">(DLC)sn 83016045</subfield><subfield code="w">(OCoLC)9345174</subfield></datafield><datafield ind1="1" ind2=" " tag="775"><subfield code="t">Weekly clipper (Baltimore, Md.)</subfield><subfield code="w">(DLC)sn 83016046</subfield><subfield code="w">(OCoLC)9345234</subfield></datafield><datafield ind1="0" ind2="0" tag="780"><subfield code="t">Bull &amp; Tuttle's new monthly Baltimore clipper and general advertiser</subfield><subfield code="w">(DLC)sn 85038288</subfield><subfield code="w">(OCoLC)12128275</subfield></datafield></record>